@preamble{ "\newcommand{\noopsort}[1]{} " }

@misc{destatis,
  author = {{Statistisches Bundesamt}},
  title = {{Unfallbilanz 2015}},
  howpublished = "\url{https://www.destatis.de/DE/PresseService/Presse/Pressemitteilungen/2016/07/PD16_242_46241.htmll}",
  note = "[Online; accessed 25-October-2016]"
}

@article{Dingus08032016,
author = {Dingus, Thomas A. and Guo, Feng and Lee, Suzie and Antin, Jonathan F. and Perez, Miguel and Buchanan-King, Mindy and Hankey, Jonathan}, 
title = {Driver crash risk factors and prevalence evaluation using naturalistic driving data},
volume = {113}, 
number = {10}, 
pages = {2636-2641}, 
year = {2016}, 
doi = {10.1073/pnas.1513271113}, 
URL = {http://www.pnas.org/content/113/10/2636.abstract}, 
eprint = {http://www.pnas.org/content/113/10/2636.full.pdf}, 
journal = {Proceedings of the National Academy of Sciences} 
}

@misc{zfas,
  author = {{Ingo Kuss}},
  title = {{Audi zFas: Enorme Datenmengen bew√§ltigen}},
  howpublished = "\url{http://www.elektroniknet.de/automotive/assistenzsysteme/artikel/131797/1/}",
  note = "[Online; accessed 25-October-2016]"
}

@misc{stufePic,
  howpublished = "\url{https://www.vda.de/de/themen/innovation-und-technik/automatisiertes-fahren/automatisiertes-fahren.html}",
  note = "[Online; accessed 25-October-2016]"
}

@article{Aly08,
author = {Aly, Mohamed}, 
title = {Real time Detection of Lane Markers in Urban Streets},
year = {2008}, 
eprint = {http://www.vision.caltech.edu/malaa/publications/aly08realtime.pdf}, 
journal = {IEEE Intelligent Vehicles Symposium, Eindhoven} 
}

@article{SKAD,
author = {Sehestedt, Stephan and Kodagoda, Sarath and Alempijevic, Alen and Dissanayake, Gamini}, 
title = {Efficient Lane Detection and Tracking in Urban Environments},
eprint = {http://ecmr07.informatik.uni-freiburg.de/proceedings/ECMR07_0039.pdf}
}

@article{SASH,
author = {Sharma, Sachin and Shah, J.}, 
title = {A Much Advanced and Efficient Lane Detection Algorithm for Intelligent Highway Safety }, 
eprint = {http://airccj.org/CSCP/vol3/csit3106.pdf} 
}

@INPROCEEDINGS{WSD07,
        AUTHOR             = {Weiss, Thorsten and Schiele, Bruno and Dietmayer, Klaus},
        BOOKTITLE          = {{IEEE Intelligent Vehicles Symposium}},
        TITLE              = {{Robust Driving Path Detection in Urban and Highway Scenarios Using a Laser Scanner and Online Occupancy Grids}},
        YEAR               = {2007}
}


@INPROCEEDINGS{JDS01,
        AUTHOR             = {Sparbert, Jan and Dietmayer, Klaus and Streller, Daniel},
        BOOKTITLE          = {{IEEE Intelligent Transportation Systems Conference Proceedings}},
        TITLE              = {{Lane Detection and Street Type Classification using Laser Range Imagess}},
        YEAR               = {2001}
}

@INPROCEEDINGS{WBU13,
        AUTHOR             = {Weiherer, Tobias and Bouzouraa, Sayed and Hofmann, Ulrich},
        BOOKTITLE          = {{Proceedings of the 16th International IEEE Annual Conference on Intelligent Transportation Systems (ITSC 2013),}},
        TITLE              = {{An interval based representation of occupancy information for driver assistance systems}},
        YEAR               = {2013}
}

@INPROCEEDINGS{WBU15,
        AUTHOR             = {Weiherer, Tobias and Bouzouraa, Sayed and Hofmann, Ulrich},
        BOOKTITLE          = {{2012 15th International IEEE Conference on Intelligent Transportation Systems}},
        TITLE              = {{A generic map based environment representation for driver assistance systems applied to detect convoy tracks}},
        YEAR               = {2015}
}

@article{RBAO,
author = {Rebai, K. and Benabderrahmane, A. and Azouaoui, O. and Ouadah, N.}, 
title = {Moving Obstacles Detection and Tracking with Laser Range Finder}
}